@unpublished{petechskript,
    author  = "Prof. Dr.-Ing. Thomas Stieglitz IMTEK Uni Freiburg",
    title   = "Praktikum Einführung in die Elektrotechnik"
}

@unpublished{sysskript,
    author  = "Prof. Dr. Moritz Diehl",
    title   = "Skript zur Vorlesung “Systemtheorie und Regelungstechnik” an der Universität Freiburg",
    date = {2024-08-04}
}

@book{etechformelsammlung,
    author    = "Wilfried Weißgerber",
    title     = "Elektrotechnik für Ingenieure - Formelsammlung",
    year      = "2015",
    publisher = "Auflage 5, Springer Fachmedien Wiesbaden"
}

@online{PT1000,
  author = {Autosen IIoT Company},
  title = {{Platin Messwiederstand} },
  url = {https://autosen.com/de/fachwissen-platinmesswiderstand},
  urldate = {2021-11-04}
}

@online{mylatex,
  author = {Leonard Rienks},
  title = {{Latex Beispiele} },
  url = {https://github.com/Ceredril/Latex-Beispiele},
  urldate = {2023-11-05}
}